@inbook{akku:jossen,
    author          = {Andreas Jossen and Wolfgang Weydanz},
    title           = {Moderne Akkumulatoren: Richtig Einsetzen},
    publisher       = {Inge Reichardt Verlag},
    address         = {Untermeitingen},
    year            = {2006},
    edition         = {1},
    pages           = {127}
},
@inbook{gyro:schiessle,
    author          = {Edmund Schiessle},
    title           = {Industriesensorik: Automation, Messtechnik, Mechatronik},
    publisher       = {Vogel Business Media GmbH \& Co. KG},
    address         = {W\"urzburg},
    year            = {2010},
    edition         = {1},
    pages           = {283},
},
@electronic{ieee:miller,
    note            = {[Stand: 03. Dez. 2014]},
    year            = {1998},
    title           = {Design Considerations for Smart Displays},
    organization    = {IEEE},
    author          = {M. Robert Miller},
    url             = {http://ieeexplore.ieee.org/stamp/stamp.jsp?tp=&arnumber=723488},
},
@electronic{cnet:pulse,
    note            = {[Stand: 12. Dez. 2014]},
    year            = {2014},
    month           = {Mai},
    title           = {Do wristband heart trackers actually work? A checkup.},
    organization    = {cnet.com},
    author          = {Sharon Profis},
    url             = {http://www.cnet.com/news/how-accurate-are-wristband-heart-rate-monitors/},
},
@electronic{ti:pulse,
    note            = {[Stand: 12. Dez. 2014]},
    title           = {AFE4400 --  Integrated Analog Front End for Heart Rate Monitors and Low Cost Pulse Oximeters},
    organization    = {Texax Instruments},
    url             = {http://www.ti.com/product/afe4400},
},

