@electronic{ref:titlepage:pvanlage,
    author          = {AleSpa},
    note            = {[Stand: 05. Mai 2016]},
    year            = {2012},
    month           = {Juli},
    title           = {Photovoltaik Dachanlage Hannover - Schwarze Heide - Leistung 1 MW},
    organisation    = {Wikimedia Commons},
    url             = {https://en.wikipedia.org/wiki/File:Photovoltaik_Dachanlage_Hannover_-_Schwarze_Heide_-_1_MW.jpg},
}
@electronic{ref:fhnwlogo,
    note            = {[Stand: 05. Mai 2016]},
    year            = {2012},
    month           = {M\"arz},
    title           = {Wort-Bildmarke (Logo)},
    organisation    = {Fachhochschule Nordwestschweiz, Hochschule f\"ur Technik},
    url             = {http://web.fhnw.ch/cd/corporate-design/logos-fur-die-hochschulen},
}
@electronic{ref:fsk:wikipedia,
    note            = {[Stand: 09. Mai 2016]},
    year            = {2015},
    month           = {Oktober},
    title           = {Frequenzumtastung},
    organisation    = {Wikipedia},
    url             = {https://de.wikipedia.org/wiki/Frequenzumtastung},
}
@electronic{ref:ask:wikipedia,
    note            = {[Stand: 09. Mai 2016]},
    year            = {2015},
    month           = {M\"arz},
    title           = {Amplitudenumtastung},
    organisation    = {Wikipedia},
    url             = {https://de.wikipedia.org/wiki/Amplitudenumtastung},
}
@electronic{ref:ltspice,
    note            = {[Stand: 10. Mai 2016]},
    title           = {Linear Technology - Design Simulation and Device Models},
    organisation    = {Linear Technology},
    url             = {http://www.linear.com/designtools/software/#LTspice},
}
@electronic{ref:solar:scofield,
    note            = {[Stand: 10. Mai 2016]},
    year            = {1994},
    month           = {April},
    title           = {Effects of Series Resistance and Inductance on Solar Cell Admittance Measurements},
    organisation    = {Department of Physics, Oberlin College, Oberlin},
    url             = {http://www.oberlin.edu/physics/Scofield/pdf_files/semsc-95.pdf}
}
@electronic{ref:solar:friesen,
    note            = {[Stand: 10. Mai 2016]},
    year            = {1997},
    title           = {Capacitance effects in high-efficiency cells},
    organisation    = {Elsevier Science B.V},
    url             = {http://ac.els-cdn.com/S092702489700072X/1-s2.0-S092702489700072X-main.pdf?_tid=7c806870-1695-11e6-b7c5-00000aab0f01&acdnat=1462874377_a951b2f16881ddb34bca8914ef598404},
}
@electronic{ref:solar:bonkoungou,
    note            = {[Stand: 10. Mai 2016]},
    year            = {2013},
    month           = {M\"arz},
    title           = {Modelling and Simulation of photovoltaic module considering single-diode equivalent circuit model in MATLAB},
    organisation    = {International Journal of Emerging Technology and Advanced Engineering},
    url             = {http://www.ijetae.com/files/Volume3Issue3/IJETAE_0313_84.pdf},
}
@electronic{ref:solar:px85,
    note            = {[Stand: 11. Mai 2016]},
    title           = {PX85},
    organisation    = {SUNSET Energietechnik GmbH},
    url             = {http://www.produktinfo.conrad.com/datenblaetter/100000-124999/110258-da-01-fr-SOLARMODUL_PX_85.pdf},
}
@electronic{ref:solar:as150,
    note            = {[Stand: 11. Mai 2016]},
    title           = {Solargenerator AS150},
    organisation    = {SUNSET Energietechnik GmbH},
    url             = {http://www.produktinfo.conrad.com/datenblaetter/100000-124999/110429-da-01-de-SOLARMODUL_AS_150.pdf},
}
@electronic{ref:solar:sunmodulePro,
    note            = {[Stand: 11. Mai 2016]},
    title           = {Sunmodule Pro-Series XL SW315-320 Mono},
    organisation    = {solarworld.com},
    url             = {www.solarworld-usa.com/~/media/www/files/datasheets/sunmodule-pro-series/sunmodule-pro-series-solar-panel-xl-mono-ds.pdf},
}
@electronic{ref:solar:diodeCharacteristics,
    note            = {[Stand: 11. Mai 2016]},
    year            = {2009},
    month           = {September},
    title           = {Diode Characteristics},
    author          = {Kenneth A. Kuhn},
    url             = {http://www.kennethkuhn.com/students/ee351/diode_characteristics.pdf},
}
@electronic{ref:solar:shockleyEquation,
    note            = {[Stand: 17. Mai 2016]},
    year            = {2016},
    month           = {April},
    title           = {Shockley diode equation},
    url             = {https://en.wikipedia.org/wiki/Shockley_diode_equation},
}
@article{regelungstechnik:schumleon,
    author          = {W. Schumacher and W. Leonhard},
    title           = {Grundlagen der Regelungstechnik},
    organisation    = {Technische Universit\"at Braunschweig},
    year            = {2001},
    note            = {Vorlesungsskript},
}
@ARTICLE{pvcell:phang, 
    author={J. C. H. Phang and D. S. H. Chan and J. R. Phillips}, 
    journal={Electronics Letters}, 
    title={Accurate analytical method for the extraction of solar cell model parameters}, 
    year={1984}, 
    volume={20}, 
    number={10}, 
    pages={406-408}, 
    keywords={semiconductor device models;short-circuit currents;solar cells;analytical method;lumped parameter equivalent circuit;open circuit voltage;short circuit current;single diode;solar cell model parameters}, 
    doi={10.1049/el:19840281}, 
    ISSN={0013-5194}, 
    month={May},
}
@INPROCEEDINGS{pvcell:masmoudi, 
    author={F. Masmoudi and F. Ben Salem and N. Derbel}, 
    booktitle={2016 13th International Multi-Conference on Systems, Signals Devices (SSD)}, 
    title={Single and double diode models for conventional mono-crystalline solar cell with extraction of internal parameters}, 
    year={2016}, 
    pages={720-728}, 
    keywords={Double diode;Photovoltaic/Solar cells;Single diode;effect;electric models;internal parameters;irradiation;temperature effect}, 
    doi={10.1109/SSD.2016.7473725}, 
    month={March},
}
@INPROCEEDINGS{pvcell:yadir, 
    author={S. Yadir and M. Benhmida and M. Sidki and E. Assaid and M. Khaidar}, 
    booktitle={2009 International Conference on Microelectronics - ICM}, 
    title={New method for extracting the model physical parameters of solar cells using explicit analytic solutions of current-voltage equation}, 
    year={2009}, 
    pages={390-393}, 
    keywords={elemental semiconductors;numerical analysis;p-n junctions;semiconductor device models;silicon;solar cells;Si;current-voltage characteristics;current-voltage equation;five-point method;illuminated solar cell;model physical
        parameters;numerical fitting;p-n junction;series resistance;shunt resistance;Equations;Microelectronics;Photovoltaic cells;Analytic solutions of current-voltage equation;I-V characteristics;photovoltaic cell;physical parameter
            extraction;solar cell}, 
    doi={10.1109/ICM.2009.5418599}, 
    ISSN={2159-1660}, 
    month={Dec},
}
@ARTICLE{pvcell:chan, 
    author={D. S. H. Chan and J. C. H. Phang}, 
    journal={IEEE Transactions on Electron Devices}, 
    title={Analytical methods for the extraction of solar-cell single- and double-diode model parameters from I-V characteristics}, 
    year={1987}, 
    volume={34}, 
    number={2}, 
    pages={286-293}, 
    keywords={Circuit simulation;Data mining;Diodes;Equations;Helium;Lighting;Photovoltaic cells;Q factor;Sun;Voltage}, 
    doi={10.1109/T-ED.1987.22920}, 
    ISSN={0018-9383}, 
    month={Feb},
}
@INPROCEEDINGS{pvcell:sarwar, 
    author={A. Sarwar and M. Hasan and A. Q. Ansari}, 
    booktitle={Energy Economics and Environment (ICEEE), 2015 International Conference on}, 
    title={Five parameter modelling and simulation of solar PV cell}, 
    year={2015}, 
    pages={1-5}, 
    keywords={solar cells;partial shading condition;solar PV cell five parameter modelling;solar PV cell five parameter simulation;Arrays;Mathematical model;Photovoltaic cells;Photovoltaic systems;Resistance;Temperature;MATLAB;Solar
        Photovoltaic;partial shading}, 
    doi={10.1109/EnergyEconomics.2015.7235079}, 
    month={March},
}
@ARTICLE{inductance:arnold, 
    author={A. H. M. Arnold}, 
    journal={Electrical Engineers, Journal of the Institution of}, 
    title={The inductance of linear conductors of rectangular section}, 
    year={1932}, 
    volume={70}, 
    number={425}, 
    pages={579-586}, 
    keywords={conductors (electric);inductance}, 
    doi={10.1049/jiee-1.1932.0056}, 
    month={May},
}
@ARTICLE{inductance:kalantaroff, 
    author={P. L. Kalantaroff and V. I. Worobieff}, 
    journal={Proceedings of the Institute of Radio Engineers}, 
    title={Calculation of the Self-Inductance of Plane Polygonal Circuits}, 
    year={1936}, 
    volume={24}, 
    number={12}, 
    pages={1585-1593}, 
    keywords={Circuits;Frequency;Inductance;Permeability;Shape;Wire}, 
    doi={10.1109/JRPROC.1936.228057}, 
    ISSN={0731-5996}, 
    month={Dec},
}
@ARTICLE{inductance:higgins, 
    author={T. J. Higgins}, 
    journal={Transactions of the American Institute of Electrical Engineers}, 
    title={Formulas for the Calculation of the Inductance of Linear Conductors of Structural Shape}, 
    year={1943}, 
    volume={62}, 
    number={2}, 
    pages={53-58}, 
    keywords={Circuits;Conductors;Flanges;Frequency;Inductance;Printing;Proximity effect;Skin;Structural shapes;Voltage}, 
    doi={10.1109/T-AIEE.1943.5058668}, 
    ISSN={0096-3860}, 
    month={Feb},
}
@electronic{test:dummy,
    author          = {Hans Muster},
    year            = {2012},
    month           = {Juli},
    title           = {Titel der Website},
    organisation    = {Muster-Organisation},
    url             = {https://www.dies-ist-der-quellen-link.com/mit/der/page.html},
}
@electronic{test:dummy2,
    author          = {Hans Muster},
    year            = {2012},
    month           = {Juli},
    title           = {Titel der Website},
    note            = {[Stand: 05. Mai 2016]},
    organisation    = {Muster-Organisation},
    url             = {https://www.dies-ist-der-quellen-link.com/mit/der/page.html},
}
@electronic{test:dummy3,
    author          = {Hans Muster},
    year            = {2012},
    month           = {Juli},
    title           = {Titel der Website},
    note            = {(Stand: 05. Mai 2016)},
    organisation    = {Muster-Organisation},
    url             = {https://www.dies-ist-der-quellen-link.com/mit/der/page.html},
}
