@misc {datasheet:finder36relais,
	author = "Finder",
	title  = "36 SERIES",
	url    = "http://gfinder.findernet.com//assets/Series/356/S36EN.pdf"
}

@misc {datasheet:display,
	author = "{\relax 4D Systems}",
	title  = "4DPi-24-HAT",
	url    = "http://www.4dsystems.com.au/productpages/4DPi-24-HAT/downloads/4DPi-24-HAT\_datasheet\_R\_1\_6.pdf"
}

@misc {ref:raspipower,
	author = "{\relax Raspberry Pi Foundation}",
	title  = "WHAT ARE THE POWER REQUIREMENTS?",
	url    = "https://www.raspberrypi.org/help/faqs/\#powerReqs"
}

@misc {ref:modemrefdesign,
	author = "Simcom",
	title  = "SIM900 Reference Design Guide",
	url    = "http://simcom.ee/documents/SIM900/AN\_SIM900 Reference Design Guide\_V1.02.pdf"
}

@misc {datasheet:modem,
	author = "Simcom",
	title  = "SIM900",
	url    = "http://simcom.ee/documents/SIM900/SIM900\_SPEC\_1405.pdf"
}

@misc {datasheet:raspberrypi,
	author = "{\relax Raspberry Pi Foundation}",
	title  = "RASPBERRY PI 3 IS OUT NOW! SPECS, BENCHMARKS \& MORE",
	url    = "https://www.raspberrypi.org/magpi/raspberry-pi-3-specs-benchmarks/"
}

@misc {datasheet:hallic,
	author = "{\relax Allegro MicroSystems}",
	title  = "ACS725 Datasheet",
	url    = "http://www.allegromicro.com/~/media/Files/Datasheets/ACS725-Datasheet.ashx"
}

@misc {datasheet:darlingtonic,
	author = "{\relax Texas Instuments}",
	title  = "ULN200x, ULQ200x High-Voltage, High-Current Darlington Transistor Arrays",
	url    = "http://www.ti.com/lit/ds/symlink/uln2003a.pdf"
}


@misc {datasheet:adc,
	author = "{\relax Maxim Integrated}",
	title  = "MAX11612â€“MAX11617",
	url    = "https://datasheets.maximintegrated.com/en/ds/MAX11612-MAX11617.pdf"
}

@misc {datasheet:levelshifter,
	author = "{\relax ON Semiconductor}",
	title  = "NLSX4373",
	url    = "http://www.onsemi.com/pub\_link/Collateral/NLSX4373-D.PDF"
}

@misc {datasheet:uarti2c,
	author = "{\relax NXP Semiconductors}",
	title  = "SC16IS740/750/760",
	url    = "http://www.nxp.com/documents/data\_sheet/SC16IS740\_750\_760.pdf"
}

@misc {datasheet:3v3dcdc,
	author = "{\relax Texas Instruments}",
	title  = "LM2596 SIMPLE SWITCHER",
	url    = "http://www.ti.com/lit/ds/symlink/lm2596.pdf"
}



